@article{Liao201448,
title = "CloudNMF: A MapReduce Implementation of Nonnegative Matrix Factorization for Large-scale Biological Datasets ",
journal = "Genomics, Proteomics \& Bioinformatics ",
volume = "12",
number = "1",
pages = "48 - 51",
year = "2014",
note = "",
issn = "1672-0229",
doi = "http://dx.doi.org/10.1016/j.gpb.2013.06.001",
url = "http://www.sciencedirect.com/science/article/pii/S1672022913000752",
author = "Ruiqi Liao and Yifan Zhang and Jihong Guan and Shuigeng Zhou",
}

@inproceedings{liu2010distributed,
  title={Distributed nonnegative matrix factorization for web-scale dyadic data analysis on mapreduce},
  author={Liu, Chao and Yang, Hung-chih and Fan, Jinliang and He, Li-Wei and Wang, Yi-Min},
  booktitle={Proceedings of the 19th international conference on World wide web},
  pages={681--690},
  year={2010},
  organization={ACM},
}

@misc{mahout,
  title = {{Apache Mahout: Scalable machine learning and data mining}},
  author = {Apache Mahout},
  howpublished = {\url{http://mahout.apache.org/}},
  note = {Accessed: 2016-04-10},
}

@article{meng2015mllib,
  title={Mllib: Machine learning in apache spark},
  author={Meng, Xiangrui and Bradley, Joseph and Yavuz, Burak and Sparks, Evan and Venkataraman, Shivaram and Liu, Davies and Freeman, Jeremy and Tsai, DB and Amde, Manish and Owen, Sean and others},
  journal={arXiv preprint arXiv:1505.06807},
  year={2015}
}

@article{lehoucq1996deflation,
  title={Deflation techniques for an implicitly restarted Arnoldi iteration},
  author={Lehoucq, Richard B and Sorensen, Danny C},
  journal={SIAM Journal on Matrix Analysis and Applications},
  volume={17},
  number={4},
  pages={789--821},
  year={1996},
  publisher={SIAM}
}

@article{DMM08,
    author = {Drineas, P. and Mahoney, M. W. and Muthukrishnan, S.},
    journal = {SIAM J. Matrix Analysis Applications},
    number = 2,
    pages = {844-881},
    title = {Relative-Error {CUR} Matrix Decompositions.},
    volume = 30,
    year = 2008
}

@ARTICLE{HMH00,
  author =       {L.~Hubert and J.~Meulman and W.~Heiser},
  title =        {Two Purposes for Matrix Factorization: A Historical Appraisal},
  journal =      {SIAM Review},
  year =         {2000},
  volume =       {42},
  number =       {},
  pages =        {68--82},
}

@INPROCEEDINGS{SPARK_HOTC_10,
  author =       {M. Zaharia and M. Chowdhury and M. J. Franklin and S. Shenker and I. Stoica},
  title =        {Spark: cluster computing with working sets},
  booktitle =    {HotCloud'10: Proceedings of the 2nd USENIX conference on Hot topics in cloud computing},
  year =         {2010},
  pages =        {},
}

@article{PlasmaMagma2009,
  author = {E. Agullo and J. Demmel and J. Dongarra and B. Hadri and J. Kurzak and J. Langou and H. Ltaief and P. Luszczek and S. Tomov},
  title = {Numerical linear algebra on emerging architectures: The {PLASMA} and {MAGMA} projects},
  journal = {Journal of Physics: Conference Series},
  year = {2009}, 
  volume = {180},
  number = {1},
  pages = {012037},
}
         
@BOOK{lapack99,
  author =       {E. Anderson and Z. Bai and C. Bischof and L. S. Blackford and J. Demmel and J. Dongarra and J. Du Croz and A. Greenbaum and S. Hammarling and A. McKenney and D. Sorensen},
  title =        {{LAPACK} Users' Guide},
  publisher =    {SIAM},
  year =         {1999},
  address =      {Philadelphia},
  series =       {},
}

@INPROCEEDINGS{DG04,
  author =       {J.~Dean and S.~Ghemawat},
  title =        {{MapReduce}: Simplified Data Processing on Large Clusters},
  booktitle =    {Proceedings of the 6th conference on Symposium on Opearting Systems Design and Implementation},
  year =         {2004},
  pages =        {10--10},
}


@inproceedings{benson2014scalable,
  title={Scalable methods for nonnegative matrix factorizations of near-separable tall-and-skinny matrices},
  author={Benson, Austin R and Lee, Jason D and Rajwa, Bartek and Gleich, David F},
  booktitle={Advances in Neural Information Processing Systems},
  pages={945--953},
  year={2014}
}
@inproceedings{h5spark-cug16,
title={H5Spark: Bridging the {I}/{O} Gap between Spark and Scientific Data Formats on HPC Systems},
  author={Liu, Jialin and Racah, Evan and Koziol, Quincey and Canon, Richard S and Gittens, Alex and Gerhardt, Lisa and Byna, Suren and Ringenberg, Mike F and Prabhat},
  booktitle={Cray User Group},
  year={2016}
}
@inproceedings{kumar2013fast,
  title={Fast Conical Hull Algorithms for Near-separable Non-negative Matrix Factorization},
  author={Kumar, Abhishek and Sindhwani, Vikas and Kambadur, Prabhanjan},
  booktitle={Proceedings of the 30th International Conference on Machine Learning (ICML-13)},
  pages={231--239},
  year={2013}
}

@article{demmel2012communication,
  title={Communication-optimal parallel and sequential QR and LU factorizations},
  author={Demmel, James and Grigori, Laura and Hoemmen, Mark and Langou, Julien},
  journal={SIAM Journal on Scientific Computing},
  volume={34},
  number={1},
  pages={A206--A239},
  year={2012},
  publisher={SIAM}
}

@incollection{gillis2014and,
  author       = {Gillis, Nicolas}, 
  title        = {The why and how of nonnegative matrix factorization},
  booktitle    = {Regularization, Optimization, Kernels, and Support Vector Machines},
  publisher    = {CRC Press},
  year         = 2014,
  editor       = {Johan A.~K. Suykens and Marco Signoretto and Andreas Argyriou},
  chapter      = 12
}
@article{Paatero199723,
title = "Least squares formulation of robust non-negative factor analysis ",
journal = "Chemometrics and Intelligent Laboratory Systems ",
volume = "37",
number = "1",
pages = "23 - 35",
year = "1997",
note = "",
issn = "0169-7439",
doi = "http://dx.doi.org/10.1016/S0169-7439(96)00044-5",
url = "http://www.sciencedirect.com/science/article/pii/S0169743996000445",
author = "Pentti Paatero",
keywords = "Positive matrix factorization",
keywords = "Iterative reweighting",
keywords = "Huber influence function "
}

@article{gillis2015hierarchical,
  title={Hierarchical clustering of hyperspectral images using rank-two nonnegative matrix factorization},
  author={Gillis, Nicolas and Kuang, Da and Park, Haesun},
  journal={Geoscience and Remote Sensing, IEEE Transactions on},
  volume={53},
  number={4},
  pages={2066--2078},
  year={2015},
  publisher={IEEE}
}

@article{kim2014algorithms,
  title={Algorithms for nonnegative matrix and tensor factorizations: a unified view based on block coordinate descent framework},
  author={Kim, Jingu and He, Yunlong and Park, Haesun},
  journal={Journal of Global Optimization},
  volume={58},
  number={2},
  pages={285--319},
  year={2014},
  publisher={Springer}
}

@incollection{guillamet2002non,
  title={Non-negative matrix factorization for face recognition},
  author={Guillamet, David and Vitria, Jordi},
  booktitle={Topics in artificial intelligence},
  pages={336--344},
  year={2002},
  publisher={Springer}
}

@article{pauca2006nonnegative,
  title={Nonnegative matrix factorization for spectral data analysis},
  author={Pauca, V Paul and Piper, Jon and Plemmons, Robert J},
  journal={Linear algebra and its applications},
  volume={416},
  number={1},
  pages={29--47},
  year={2006},
  publisher={Elsevier}
}

@INPROCEEDINGS{lee2001nmf, 
author={Jae Sung Lee and D. D. Lee and Seungjin Choi and Kwang Suk Park and Dong Soo Lee}, 
booktitle={Nuclear Science Symposium Conference Record, 2001 IEEE}, 
title={Non-negative matrix factorization of dynamic images in nuclear medicine}, 
year={2001}, 
volume={4}, 
pages={2027-2030 vol.4},  
doi={10.1109/NSSMIC.2001.1009222}, 
ISSN={1082-3654}, 
}

@BOOK{Mah-mat-rev_BOOK,
    author =       {M.~W.~Mahoney},
    title =        {Randomized algorithms for matrices and data},
    publisher =    {NOW Publishers},
    year =         {2011},
    address =      {Boston},
    series =       {Foundations and Trends in Machine Learning},
}
  
@ARTICLE{HMT09_SIREV,
    author =       {N.~Halko and P.-G.~Martinsson and J.~A.~Tropp},
    title =        {Finding structure with randomness: Probabilistic algorithms for constructing approximate matrix decompositions},
    journal =      {SIAM Review},
    year =         {2011},
    volume =       {53},
    number =       {2},
}
  
@article{MRT06,
  author    = {Per-Gunnar Martinsson and Vladimir Rohklin and Mark Tygert},
  title     = {{A Randomized Algorithm for the Approximation of Matrices}},
  journal   = {Technical Report},
  year      = {2006}
}

@article{MRT11,
  author    = {Per-Gunnar Martinsson and Vladimir Rohklin and Mark Tygert},
  title     = {A randomized algorithm for the decomposition of matrices},
  journal   = {Appl. Comput. Harmon. Anal.},
  volume    = {30},
  pages     = {47--68},
  year      = {2011},
}
  
@ARTICLE{Yip14-AJ,
     author  = {C.-W.~Yip and M.~W.~Mahoney and A.~S.~Szalay and I.~Csabai and T.~Budavari and R.~F.~G.~Wyse and L.~Dobos},
     title   = {Objective Identification of Informative Wavelength Regions in Galaxy Spectra},
     journal = {The Astronomical Journal},
     year    = {2014},
     volume  = {147},
     number  = {110},
     pages   = {15pp},
}
  
@ARTICLE{Paschou07b,
    author =       {P.~Paschou and E.~Ziv and E.~G.~Burchard and S.~Choudhry and W.~{Rodriguez-Cintron} and M.~W.~Mahoney and P.~Drineas},
    title =        {{PCA}-Correlated {SNP}s for Structure Identification in Worldwide Human Populations},
    journal =      {PLoS Genetics},
    year =         {2007},
    volume =       {3},
    number =       {},
    pages =        {1672--1686},
}
  
@ARTICLE{YRPMB15,
    author =       {J. Yang and O. R{\"u}bel and Prabhat and M. W. Mahoney and B. P. Bowen},
    title =        {Identifying important ions and positions in mass spectrometry imaging data using {CUR} matrix decompositions},
    journal =      {Analytical Chemistry},
    year =         {2015},
    volume =       {87},
    number =       {9},
    pages =        {4658--4666},
}
  
@BOOK{GVL96,
    author =       {G.~H.~Golub and C.~F.~Van~Loan},
    title =        {Matrix Computations},
    publisher =    {Johns Hopkins University Press},
    year =         {1996},
    address =      {Baltimore},
    series =       {},
}

@book{pcaBook,
    author = {Jolliffe, I.T.},
    publisher = {Springer Verlag},
    title = {Principal Component  Analysis},
    year = 1986
}

@ARTICLE{GE96,
    author =       {M.~GU AND S.~C.~EISENSTA},
    title =        {Efficient algorithms for computing a strong rank-revealing QR factorization},
    journal =      {SIAM J. ScI. COMPUT.},
    year =         {1996},
    volume =       {17},
    number =       {4},
    pages =        {848--869},
}

@INPROCEEDINGS{NMFalg,
      author = {D.D. Lee and H.S. Seung},
      title = {Algorithms for Non-negative Matrix Factorization},
      booktitle = {NIPS},
      year = {2001}
}
  
@ARTICLE{CUR_PNAS,
    author =       {M.~W.~Mahoney and P.~Drineas},
    title =        {{CUR} Matrix Decompositions for Improved Data Analysis},
    journal =      {Proc. Natl. Acad. Sci. USA},
    year =         {2009},
    volume =       {106},
    number =       {},
    pages =        {697--702},
}

@article{demmel12,
  title={Communication-optimal parallel and sequential QR and LU factorizations},
  author={Demmel, James and Grigori, Laura and Hoemmen, Mark and Langou, Julien},
  journal={SIAM Journal on Scientific Computing},
  volume={34},
  number={1},
  pages={A206--A239},
  year={2012},
  publisher={SIAM}
}

@inproceedings{kumar13,
  title={Fast Conical Hull Algorithms for Near-separable Non-negative Matrix Factorization},
  author={Abhishek Kumar and Vikas Sindhwani and Prabhanjan Kambadur},
  booktitle={ICML},
  year={2013}
}

@incollection{benson14,
title = {Scalable Methods for Nonnegative Matrix Factorizations of Near-separable Tall-and-skinny Matrices},
author = {Benson, Austin R and Lee, Jason D and Rajwa, Bartek and Gleich, David F},
booktitle = {Advances in Neural Information Processing Systems 27},
editor = {Z. Ghahramani and M. Welling and C. Cortes and N.D. Lawrence and K.Q. Weinberger},
pages = {945--953},
year = {2014},
publisher = {Curran Associates, Inc.},
url = {http://papers.nips.cc/paper/5335-scalable-methods-for-nonnegative-matrix-factorizations-of-near-separable-tall-and-skinny-matrices.pdf}
}

@book{solomonik14,
  title={Provably efficient algorithms for numerical tensor algebra},
  author={Solomonik, Edgar},
  year={2014},
  publisher={University of California, Berkeley}
}

@incollection{thakur03,
  title={Improving the performance of collective operations in MPICH},
  author={Thakur, Rajeev and Gropp, William D},
  booktitle={Recent Advances in Parallel Virtual Machine and Message Passing Interface},
  pages={257--267},
  year={2003},
  publisher={Springer}
}

@inproceedings{ballard14,
 author = {Ballard, Grey and Demmel, James and Grigori, Laura and Jacquelin, Mathias and Nguyen, Hong Diep and Solomonik, Edgar},
 title = {Reconstructing Householder Vectors from Tall-Skinny QR},
 booktitle = {Proceedings of the 2014 IEEE 28th International Parallel and Distributed Processing Symposium},
 series = {IPDPS '14},
 year = {2014},
 isbn = {978-1-4799-3800-1},
 pages = {1159--1170},
 numpages = {12},
 url = {http://dx.doi.org/10.1109/IPDPS.2014.120},
 doi = {10.1109/IPDPS.2014.120},
 acmid = {2650535},
 publisher = {IEEE Computer Society},
 address = {Washington, DC, USA},
 keywords = {communication-avoiding, Householder QR, TSQR},
} 
@article{dayabay15,
author = {Au, F.P. and others},
title = {Measurement of the Reactor Antineutrino Flux and Spectrum at Daya Bay},
journal={Physical Review Letters},
volume = {116},
number = {061801},
year = {2016}
}

@online{dockerspark,
title = {Docker Hub},
note = {https://hub.docker.com/r/lgerhardt/spark-1.5.1-openblas/}
}

@online{openblas,
title = {OpenBLAS},
note = {http://www.openblas.net/}
}

@book{lawson95,
   title = "Solving least squares problems",
   author = "Lawson, Charles L. and Hanson, Richard J.",
   series = "Classics in applied mathematics",
   publisher = "SIAM",
   address = "Philadelphia (Pa.)",
   url = "http://opac.inria.fr/record=b1080804",
   isbn = "0-89871-356-0",
   note = "SIAM : Society of industrial and applied mathematics",
   year = 1995
}

@article{shifter,
  title={Contain This, Unleashing Docker for HPC},
  author={Jacobsen, Douglas M and Canon, Richard Shane},
  author={Jacobsen, Doug and Canon, Shane},
  year={2015},
  journal={Proceedings of the Cray User Group},
}

@MISC{Lehoucq97,
    author = {R. B. Lehoucq and D. C. Sorensen and C. Yang},
    title = {ARPACK Users Guide: Solution of Large Scale Eigenvalue Problems by Implicitly Restarted Arnoldi Methods.},
    year = {1997}
}

@inproceedings{Ousterhout13Sparrow,
 author = {Ousterhout, Kay and Wendell, Patrick and Zaharia, Matei and Stoica, Ion},
 title = {Sparrow: Distributed, Low Latency Scheduling},
 booktitle = {Proceedings of the Twenty-Fourth ACM Symposium on Operating Systems Principles},
 series = {SOSP '13},
 year = {2013},
 isbn = {978-1-4503-2388-8},
 location = {Farminton, Pennsylvania},
 pages = {69--84},
 numpages = {16},
 url = {http://doi.acm.org/10.1145/2517349.2522716},
 doi = {10.1145/2517349.2522716},
 acmid = {2522716},
 publisher = {ACM},
 address = {New York, NY, USA},
} 
@inproceedings{scalingspark16,
author={Chaimov, Nicholas and Malony, Allen and Canon, Shane and Ibrahim, Khaled and Iancu, Costin and Srinivasan, Jay},
title = {Scaling Spark on HPC Systems},
booktitle = {The 25th International ACM Symposium on High-Performance Parallel and Distributed Computing},
year = {2016},
note={in publication}
}



@article_COMMENT{saha:2010,
author = { Suranjana  Saha  and  Shrinivas  Moorthi  and  Hua-Lu  Pan  and  Xingren  Wu  and  Jiande  Wang  and  Sudhir  Nadiga  and  Patrick  Tripp  and  Robert  Kistler  and  John  Woollen  and  David  Behringer  and  Haixia  Liu  and  Diane  Stokes  and  Robert  Grumbine  and  George  Gayno  and  Jun  Wang  and  Yu-Tai  Hou  and  Hui-Ya  Chuang  and  Hann-Ming H.  Juang  and  Joe  Sela  and  Mark  Iredell  and  Russ  Treadon  and  Daryl  Kleist  and  Paul  Van Delst  and  Dennis  Keyser  and  John  Derber  and  Michael  Ek  and  Jesse  Meng  and  Helin  Wei  and  Rongqian  Yang  and  Stephen  Lord  and  Huug  Van Den Dool  and  Arun  Kumar  and  Wanqiu  Wang  and  Craig  Long  and  Muthuvel  Chelliah  and  Yan  Xue  and  Boyin  Huang  and  Jae-Kyung  Schemm  and  Wesley  Ebisuzaki  and  Roger  Lin  and  Pingping  Xie  and  Mingyue  Chen  and  Shuntai  Zhou  and  Wayne  Higgins  and  Cheng-Zhi  Zou  and  Quanhua  Liu  and  Yong  Chen  and  Yong  Han  and  Lidia  Cucurull  and  Richard W.  Reynolds  and  Glenn  Rutledge  and  Mitch  Goldberg },
title = {The NCEP Climate Forecast System Reanalysis},
journal = {Bulletin of the American Meteorological Society},
volume = {91},
number = {8},
pages = {1015-1057},
year = {2010},
doi = {10.1175/2010BAMS3001.1},
URL = {http://dx.doi.org/10.1175/2010BAMS3001.1},
eprint = {http://dx.doi.org/10.1175/2010BAMS3001.1}
}

@article {wehner:2014,
author = {Wehner, Michael F. and Reed, Kevin A. and Li, Fuyu and Prabhat and Bacmeister, Julio and Chen, Cheng-Ta and Paciorek, Christopher and Gleckler, Peter J. and Sperber, Kenneth R. and Collins, William D. and Gettelman, Andrew and Jablonowski, Christiane},
title = {The effect of horizontal resolution on simulation quality in the Community Atmospheric Model, CAM5.1},
journal = {Journal of Advances in Modeling Earth Systems},
volume = {6},
number = {4},
issn = {1942-2466},
url = {http://dx.doi.org/10.1002/2013MS000276},
doi = {10.1002/2013MS000276},
pages = {980--997},
keywords = {Global climate models, Atmosphere, Modeling, Computational models, algorithms, High-performance computing, high resolution, global atmospheric modeling, extreme precipitation, tropical cyclones},
year = {2014},
}


